  
@misc{ hadpic,
    title = "agh jeanbel",
    url = {"http://people.math.gatech.edu/~jeanbel/4803/Lectures/Gates/qgates.html"}
  }
  
  @misc{ hadamard,
    title = "The Hadamard gate by Michael Nielsen",
    url = { "https://www.youtube.com/watch?v=x6gOp_o7Bi8"}
  }

    @misc{ pdf,
    title = "Comment on Demonstrations of Shor’s Algorithm in the Past Decades by Zhengjun Cao1, Zhenfu Cao, Lihua Liu",
    url = { "https://eprint.iacr.org/2015/1207.pdf"}
  }
  
  @misc{ qubit,
    title = "qubit by Margaret Rouse",
    url = { "http://whatis.techtarget.com/definition/qubit"}
  }
  
  @misc{ spin,
    title = "Veritasum",
    url = { "https://www.youtube.com/watch?v=v1_-LsQLwkA"}
  }
  
  @misc{ bramki,
    title = "Wikipedia the free encyklopedia",
    url = { "https://en.wikipedia.org/wiki/Quantum_gate"}
  }
  
  
  @misc{ bloch,
    title = "Ian Glendinning for EUROPEAN CENTRE FOR PARALLEL COMPUTING AT VIENNA",
    url = { "http://www.vcpc.univie.ac.at/~ian/hotlist/qc/talks/bloch-sphere.pdf"}
  }
  
  @misc{shoropis,
    title = "Stephanie Blanda -  Shor’s Quantum Factoring Algorithm",
    url = { "https://blogs.ams.org/mathgradblog/2014/04/30/shors-algorithm-breaking-rsa-encryption/"}
  }
  
  @misc{wolf,
    title = "Quantum Computation and Shor's Factoring Algorithm by Ronald de Wolf",
    url = { "https://homepages.cwi.nl/~rdewolf/publ/qc/survey.pdf"}
  }
  
  
  
    @misc{quirk,
    title = "Quirk!",
    url = { "http://algassert.com/quirk"}
  }

  @misc{furier,
    title = "Algorithmic Assertions",
    url = { "http://algassert.com/post/1718"}
  }
  
